<?xml version="1.0" encoding="UTF-8"?><record xmlns="http://www.loc.gov/MARC21/slim" xmlns:cinclude="http://apache.org/cocoon/include/1.0" xmlns:zs="http://www.loc.gov/zing/srw/">
  <leader>01769cz  a2200229n  4500</leader>
  <controlfield tag="001">n  84175067 </controlfield>
  <controlfield tag="003">DLC</controlfield>
  <controlfield tag="005">20080704074945.0</controlfield>
  <controlfield tag="008">850207n| acannaabn          |a ana      </controlfield>
  <datafield tag="010" ind1=" " ind2=" ">
    <subfield code="a">n  84175067 </subfield>
  </datafield>
  <datafield tag="035" ind1=" " ind2=" ">
    <subfield code="a">(OCoLC)oca01268614</subfield>
  </datafield>
  <datafield tag="040" ind1=" " ind2=" ">
    <subfield code="a">DLC</subfield>
    <subfield code="b">eng</subfield>
    <subfield code="c">DLC</subfield>
    <subfield code="d">DLC</subfield>
    <subfield code="d">OCoLC</subfield>
  </datafield>
  <datafield tag="110" ind1="2" ind2=" ">
    <subfield code="a">Tarptautinės Unesco programos "Žmogus ir biosfera" (MAB) Lietuvos Nacionalinis komitetas</subfield>
  </datafield>
  <datafield tag="410" ind1="2" ind2=" ">
    <subfield code="a">Lithuanian National Committee of the Unesco International Programme "Man and the Biosphere" (MAB)</subfield>
  </datafield>
  <datafield tag="410" ind1="2" ind2=" ">
    <subfield code="a">Unesco.</subfield>
    <subfield code="b">Programme on Man and the Biosphere.</subfield>
    <subfield code="b">Lithuanian National Committee</subfield>
  </datafield>
  <datafield tag="410" ind1="2" ind2=" ">
    <subfield code="a">Unesco.</subfield>
    <subfield code="b">Programme on Man and the Biosphere.</subfield>
    <subfield code="b">Lietuvos Nacionalinis komitetas</subfield>
  </datafield>
  <datafield tag="410" ind1="2" ind2=" ">
    <subfield code="a">Litovskiĭ nat︠s︡ionalʹnyĭ komitet Mezhdunarodnoĭ programmy I︠U︡NESKO "Chelovek i biosfera"</subfield>
  </datafield>
  <datafield tag="410" ind1="2" ind2=" ">
    <subfield code="a">International Programme "Man and Biosphere" Lithuanian National Committee</subfield>
  </datafield>
  <datafield tag="510" ind1="2" ind2=" ">
    <subfield code="a">Lietuvos respublikinis komitetas tarptautinės programos Žmogus ir biosfera</subfield>
  </datafield>
  <datafield tag="670" ind1=" " ind2=" ">
    <subfield code="a">Bumbulauskis, T. Rytų žemaičių plynaukštės takoskyrinio kraštovaizdžio optimizavimas, 1983:</subfield>
    <subfield code="b">t.p. (Tarptautinės Unesco programos "Žmogus ir biosfera" (MAB) Lietuvos Nacionalinis komitetas) p. 3 (Lithuanian National Committee of the Unesco International Programme "Man and the Biosphere" (MAB); Litovskiĭ nat︠s︡ionalʹnyĭ komitet Mezhdunarodnoĭ programmy I︠U︡NESKO "Chelovek i biosfera" (MAB))</subfield>
  </datafield>
  <datafield tag="670" ind1=" " ind2=" ">
    <subfield code="a">Resource management and regional reproduction, 1989:</subfield>
    <subfield code="b">t.p. (International Programme "Man and Biosphere" Lithuanian National Committee)</subfield>
  </datafield>
  <datafield tag="675" ind1=" " ind2=" ">
    <subfield code="a">Tarptautinės programos "Žmogus ir biosfera" (MAB) Lietuvos respublikinė programa, 1977: t.p. (Lietuvos respublikinis komitetas tarptautinės programos "Žmogus ir biosfera" (MAB))</subfield>
  </datafield>
</record>